<?xml version = "1.0" encoding = "UTF-8"?><record>
  <leader>01399naa#a2200313#c#4500</leader>
  <controlfield tag="005">20210408104723.0</controlfield>
  <controlfield tag="007">tu</controlfield>
  <controlfield tag="008">970106|1996####xx############|||#|#####c</controlfield>
  <controlfield tag="003">DE-605</controlfield>
  <controlfield tag="001">990111752460206441</controlfield>
  <datafield tag="035" ind1=" " ind2=" ">
    <subfield code="a">(DE-605)BT000128754</subfield>
  </datafield>
  <datafield tag="040" ind1=" " ind2=" ">
    <subfield code="a">61/NWBib</subfield>
    <subfield code="b">ger</subfield>
    <subfield code="d">HBZ/Red</subfield>
    <subfield code="e">rakwb</subfield>
  </datafield>
  <datafield tag="084" ind1=" " ind2=" ">
    <subfield code="a">M&#246;nchengladbach</subfield>
    <subfield code="0">https://nwbib.de/spatial#Q2758</subfield>
    <subfield code="2">nwbib</subfield>
  </datafield>
  <datafield tag="084" ind1=" " ind2=" ">
    <subfield code="a">K&#246;ln</subfield>
    <subfield code="0">https://nwbib.de/spatial#Q365</subfield>
    <subfield code="2">nwbib</subfield>
  </datafield>
  <datafield tag="084" ind1=" " ind2=" ">
    <subfield code="a">Sportvereine</subfield>
    <subfield code="0">https://nwbib.de/subjects#N736050</subfield>
    <subfield code="2">nwbib</subfield>
  </datafield>
  <datafield tag="100" ind1="1" ind2=" ">
    <subfield code="a">Job, Bertram</subfield>
    <subfield code="4">aut</subfield>
  </datafield>
  <datafield tag="245" ind1="1" ind2="0">
    <subfield code="a">Alle B&#246;cke bei&#223;en oder in Feindschaft fest</subfield>
    <subfield code="b">Jugend zwischen zwei Magnetpolen ; nur Animosit&#228;t gebiert gro&#223;e Spiele</subfield>
  </datafield>
  <datafield tag="264" ind1=" " ind2="1">
    <subfield code="c">1996</subfield>
  </datafield>
  <datafield tag="520" ind1=" " ind2=" ">
    <subfield code="a">Erinnerungen an d. 1. FC K&#246;ln u. Borussia M&#246;nchengladbach</subfield>
  </datafield>
  <datafield tag="689" ind1="0" ind2="0">
    <subfield code="a">1. FC K&#246;ln</subfield>
    <subfield code="D">b</subfield>
    <subfield code="0">(DE-588)2050419-6</subfield>
    <subfield code="0">(uri) https://portal.dnb.de/opac.htm?method=simpleSearch&amp;cqlMode=true&amp;query=idn=007036523</subfield>
    <subfield code="0">(uri) http://viaf.org/viaf/sourceID/DNB|007036523</subfield>
    <subfield code="B">GND-007036523</subfield>
  </datafield>
  <datafield tag="689" ind1="0" ind2="1">
    <subfield code="a">Geschichte</subfield>
    <subfield code="z">Geschichte</subfield>
    <subfield code="D">s</subfield>
    <subfield code="0">(DE-588)4020517-4</subfield>
    <subfield code="0">(uri) https://portal.dnb.de/opac.htm?method=simpleSearch&amp;cqlMode=true&amp;query=idn=040205177</subfield>
    <subfield code="0">(uri) http://viaf.org/viaf/sourceID/DNB|040205177</subfield>
  </datafield>
  <datafield tag="689" ind1="1" ind2="0">
    <subfield code="a">Verein f&#252;r Leibes&#252;bungen Borussia 1900 M&#246;nchengladbach</subfield>
    <subfield code="D">b</subfield>
    <subfield code="0">(DE-588)2041907-7</subfield>
    <subfield code="0">(uri) https://portal.dnb.de/opac.htm?method=simpleSearch&amp;cqlMode=true&amp;query=idn=004964519</subfield>
    <subfield code="0">(uri) http://viaf.org/viaf/sourceID/DNB|004964519</subfield>
    <subfield code="B">GND-004964519</subfield>
  </datafield>
  <datafield tag="689" ind1="1" ind2="1">
    <subfield code="a">Geschichte</subfield>
    <subfield code="z">Geschichte</subfield>
    <subfield code="D">s</subfield>
    <subfield code="0">(DE-588)4020517-4</subfield>
    <subfield code="0">(uri) https://portal.dnb.de/opac.htm?method=simpleSearch&amp;cqlMode=true&amp;query=idn=040205177</subfield>
    <subfield code="0">(uri) http://viaf.org/viaf/sourceID/DNB|040205177</subfield>
  </datafield>
  <datafield tag="773" ind1="0" ind2="8">
    <subfield code="i">Enthalten in</subfield>
    <subfield code="t">Nach dem Spiel ist vor dem Spiel : die wunderbare Welt des Fu&#223;balls / Wolfgang Frank (Hg.)</subfield>
    <subfield code="b">Orig.-Ausg.</subfield>
    <subfield code="d">Reinbek bei Hamburg, 1996</subfield>
    <subfield code="g">S. 101-[108]</subfield>
    <subfield code="k">rororo ; 13710</subfield>
    <subfield code="w">(DE-605)HT007138775</subfield>
  </datafield>
  <datafield tag="960" ind1="1" ind2=" ">
    <subfield code="n">NWBib-6</subfield>
  </datafield>
  <datafield tag="964" ind1="0" ind2="s">
    <subfield code="F">030</subfield>
    <subfield code="A">a|1uc||||||17</subfield>
  </datafield>
  <datafield tag="964" ind1="0" ind2="s">
    <subfield code="F">050</subfield>
    <subfield code="A">a|||||||||||||</subfield>
  </datafield>
  <datafield tag="964" ind1="0" ind2="s">
    <subfield code="F">051</subfield>
    <subfield code="A">at||||||</subfield>
  </datafield>
  <datafield tag="035" ind1=" " ind2=" ">
    <subfield code="a">(DE-599)HBZBT000128754</subfield>
  </datafield>
  <datafield tag="MBD" ind1=" " ind2=" ">
    <subfield code="M">49HBZ_NETWORK</subfield>
    <subfield code="i">990111752460206441</subfield>
    <subfield code="n">HBZ Network</subfield>
  </datafield>
  <datafield tag="MNG" ind1=" " ind2=" ">
    <subfield code="c">System</subfield>
    <subfield code="f">ILS</subfield>
    <subfield code="i">marc21</subfield>
    <subfield code="k">01</subfield>
    <subfield code="e">false</subfield>
    <subfield code="d">2021-04-08 10:47:23 Europe/Berlin</subfield>
    <subfield code="g">011175246-HBZ01</subfield>
    <subfield code="j">60</subfield>
    <subfield code="a">import</subfield>
    <subfield code="b">2021-04-05 10:28:31 Europe/Berlin</subfield>
  </datafield>
  <datafield tag="GST" ind1=" " ind2=" ">
    <subfield code="a">Landesgeschichte</subfield>
    <subfield code="A">GND</subfield>
    <subfield code="B">GND-040205177</subfield>
    <subfield code="C">450</subfield>
  </datafield>
  <datafield tag="GST" ind1=" " ind2=" ">
    <subfield code="a">Regionalgeschichte</subfield>
    <subfield code="A">GND</subfield>
    <subfield code="B">GND-040205177</subfield>
    <subfield code="C">450</subfield>
  </datafield>
  <datafield tag="GST" ind1=" " ind2=" ">
    <subfield code="a">Ortsgeschichte</subfield>
    <subfield code="A">GND</subfield>
    <subfield code="B">GND-040205177</subfield>
    <subfield code="C">450</subfield>
  </datafield>
  <datafield tag="GST" ind1=" " ind2=" ">
    <subfield code="a">Zeitgeschichte</subfield>
    <subfield code="A">GND</subfield>
    <subfield code="B">GND-040205177</subfield>
    <subfield code="C">450</subfield>
  </datafield>
  <datafield tag="GSI" ind1="7" ind2=" ">
    <subfield code="a">http://d-nb.info/gnd/4020517-4</subfield>
    <subfield code="2">uri</subfield>
    <subfield code="A">GND</subfield>
    <subfield code="B">GND-040205177</subfield>
    <subfield code="C">024</subfield>
  </datafield>
  <datafield tag="GST" ind1=" " ind2=" ">
    <subfield code="a">Landesgeschichte</subfield>
    <subfield code="A">GND</subfield>
    <subfield code="B">GND-040205177</subfield>
    <subfield code="C">450</subfield>
  </datafield>
  <datafield tag="GST" ind1=" " ind2=" ">
    <subfield code="a">Regionalgeschichte</subfield>
    <subfield code="A">GND</subfield>
    <subfield code="B">GND-040205177</subfield>
    <subfield code="C">450</subfield>
  </datafield>
  <datafield tag="GST" ind1=" " ind2=" ">
    <subfield code="a">Ortsgeschichte</subfield>
    <subfield code="A">GND</subfield>
    <subfield code="B">GND-040205177</subfield>
    <subfield code="C">450</subfield>
  </datafield>
  <datafield tag="GST" ind1=" " ind2=" ">
    <subfield code="a">Zeitgeschichte</subfield>
    <subfield code="A">GND</subfield>
    <subfield code="B">GND-040205177</subfield>
    <subfield code="C">450</subfield>
  </datafield>
  <datafield tag="GSI" ind1="7" ind2=" ">
    <subfield code="a">http://d-nb.info/gnd/4020517-4</subfield>
    <subfield code="2">uri</subfield>
    <subfield code="A">GND</subfield>
    <subfield code="B">GND-040205177</subfield>
    <subfield code="C">024</subfield>
  </datafield>
  <datafield tag="GKT" ind1="2" ind2=" ">
    <subfield code="a">Borussia Mo&#776;nchengladbach</subfield>
    <subfield code="A">GND</subfield>
    <subfield code="B">GND-004964519</subfield>
    <subfield code="C">410</subfield>
  </datafield>
  <datafield tag="GKT" ind1="2" ind2=" ">
    <subfield code="a">VfL Borussia Mo&#776;nchengladbach</subfield>
    <subfield code="A">GND</subfield>
    <subfield code="B">GND-004964519</subfield>
    <subfield code="C">410</subfield>
  </datafield>
  <datafield tag="GSI" ind1="7" ind2=" ">
    <subfield code="a">http://d-nb.info/gnd/2041907-7</subfield>
    <subfield code="2">uri</subfield>
    <subfield code="A">GND</subfield>
    <subfield code="B">GND-004964519</subfield>
    <subfield code="C">024</subfield>
  </datafield>
  <datafield tag="GKT" ind1="2" ind2=" ">
    <subfield code="a">1. FC Ko&#776;ln e.V.</subfield>
    <subfield code="4">nauv</subfield>
    <subfield code="4">http://d-nb.info/standards/elementset/gnd#variantName</subfield>
    <subfield code="w">r</subfield>
    <subfield code="i">Unveraenderte Form</subfield>
    <subfield code="e">Unveraenderte Form</subfield>
    <subfield code="9">v:Hauptverein</subfield>
    <subfield code="A">GND</subfield>
    <subfield code="B">GND-007036523</subfield>
    <subfield code="C">410</subfield>
  </datafield>
  <datafield tag="GKT" ind1="2" ind2=" ">
    <subfield code="a">Erster FC Ko&#776;ln</subfield>
    <subfield code="A">GND</subfield>
    <subfield code="B">GND-007036523</subfield>
    <subfield code="C">410</subfield>
  </datafield>
  <datafield tag="GKT" ind1="2" ind2=" ">
    <subfield code="a">1. Fu&#223;ball-Club Ko&#776;ln 01/07</subfield>
    <subfield code="A">GND</subfield>
    <subfield code="B">GND-007036523</subfield>
    <subfield code="C">410</subfield>
  </datafield>
  <datafield tag="GKT" ind1="2" ind2=" ">
    <subfield code="a">1. FC Ko&#776;ln 01/07</subfield>
    <subfield code="A">GND</subfield>
    <subfield code="B">GND-007036523</subfield>
    <subfield code="C">410</subfield>
  </datafield>
  <datafield tag="GKT" ind1="2" ind2=" ">
    <subfield code="a">Erster Fu&#223;ball-Club Ko&#776;ln 01/07</subfield>
    <subfield code="A">GND</subfield>
    <subfield code="B">GND-007036523</subfield>
    <subfield code="C">410</subfield>
  </datafield>
  <datafield tag="GKT" ind1="2" ind2=" ">
    <subfield code="a">Erster Fu&#223;ball-Klub Ko&#776;ln 01/07</subfield>
    <subfield code="A">GND</subfield>
    <subfield code="B">GND-007036523</subfield>
    <subfield code="C">410</subfield>
  </datafield>
  <datafield tag="GSI" ind1="7" ind2=" ">
    <subfield code="a">http://d-nb.info/gnd/2050419-6</subfield>
    <subfield code="2">uri</subfield>
    <subfield code="A">GND</subfield>
    <subfield code="B">GND-007036523</subfield>
    <subfield code="C">024</subfield>
  </datafield>
</record>